<record xmlns="http://www.loc.gov/MARC21/slim" xmlns:xsi="http://www.w3.org/2001/XMLSchema-instance" xsi:schemaLocation="http://www.loc.gov/MARC21/slim http://www.loc.gov/standards/marcxml/schema/MARC21slim.xsd"><leader>01186nam a2200265   4500</leader><controlfield tag="001">001680745</controlfield><controlfield tag="003">NNU</controlfield><controlfield tag="006">m        d        </controlfield><controlfield tag="007">cr cn |||m|||a</controlfield><controlfield tag="008">140707s1930    le      o     000 0 ara</controlfield><datafield ind1=" " ind2=" " tag="040"><subfield code="a">NNU</subfield><subfield code="b">eng</subfield><subfield code="c">NNU</subfield></datafield><datafield ind1="1" ind2=" " tag="100"><subfield code="a">&#7692;&#363;mi&#7789;, Jabr.</subfield></datafield><datafield ind1="1" ind2="0" tag="245"><subfield code="a">Kit&#257;b al-khaw&#257;&#7789;&#299;r al-&#7717;is&#257;n f&#299; al-ma&#699;&#257;n&#299; wa-al-bay&#257;n</subfield><subfield code="h">[electronic resource] /</subfield><subfield code="c">ta&#700;l&#299;f Jabr &#7692;&#363;mit&#808;.</subfield></datafield><datafield ind1=" " ind2=" " tag="250"><subfield code="a">al-&#7788;ab&#699;ah 2.</subfield></datafield><datafield ind1=" " ind2=" " tag="260"><subfield code="a">Bayr&#363;t :</subfield><subfield code="b">Ma&#7789;ba&#699;at al-Naf&#257;&#700;,</subfield><subfield code="c">1930.</subfield></datafield><datafield ind1=" " ind2=" " tag="300"><subfield code="a">online resource (224 p.) :</subfield><subfield code="b">port.</subfield></datafield><datafield ind1=" " ind2=" " tag="500"><subfield code="a">Part of the Arabic Collections Online (ACO) project, contributed by New York Univeristy Libraries.</subfield></datafield><datafield ind1=" " ind2=" " tag="533"><subfield code="a">Electronic reproduction.</subfield><subfield code="b">New York, N.Y. :</subfield><subfield code="c">New York University,</subfield><subfield code="d">2014.</subfield><subfield code="5">NNU</subfield></datafield><datafield ind1=" " ind2="0" tag="650"><subfield code="a">Arabic language</subfield><subfield code="x">Rhetoric.</subfield></datafield><datafield ind1="2" ind2=" " tag="710"><subfield code="a">New York University.</subfield><subfield code="b">Libraries.</subfield></datafield><datafield ind1="0" ind2=" " tag="730"><subfield code="a">Arabic Collections Online.</subfield></datafield><datafield ind1="3" ind2=" " tag="740"><subfield code="a">al-Khaw&#257;&#7789;ir al-&#7717;is&#257;n f&#299; al-ma&#699;&#257;n&#299; wa-al-bay&#257;n.</subfield></datafield><datafield ind1="0" ind2="8" tag="776"><subfield code="i">Print version:</subfield><subfield code="a">&#7692;&#363;mi&#7789;, Jabr.</subfield><subfield code="t">Kit&#257;b al-khaw&#257;&#7789;&#299;r al-&#7717;is&#257;n f&#299; al-ma&#699;&#257;n&#299; wa-al-bay&#257;n</subfield><subfield code="w">(NNU)001680745</subfield><subfield code="w">(DLC)76282424</subfield></datafield><datafield ind1="4" ind2="0" tag="856"><subfield code="u">http://hdl.handle.net/2333.1/0p2nggrt</subfield></datafield><datafield ind1=" " ind2=" " tag="959"><subfield code="a">NNU</subfield><subfield code="b">WEB</subfield><subfield code="c">GENI</subfield><subfield code="t">0</subfield><subfield code="m">Electronic access</subfield><subfield code="s">01</subfield></datafield></record>